@inproceedings{ioffe2015batch,
  title={Batch normalization: Accelerating deep network training by reducing internal covariate shift},
  author={Ioffe, Sergey and Szegedy, Christian},
  booktitle={International conference on machine learning},
  pages={448--456},
  year={2015}
}

@article{chen2015mxnet,
  title={Mxnet: A flexible and efficient machine learning library for heterogeneous distributed systems},
  author={Chen, Tianqi and Li, Mu and Li, Yutian and Lin, Min and Wang, Naiyan and Wang, Minjie and Xiao, Tianjun and Xu, Bing and Zhang, Chiyuan and Zhang, Zheng},
  journal={arXiv preprint arXiv:1512.01274},
  year={2015}
}

@inproceedings{szegedy2017inception,
  title={Inception-v4, inception-resnet and the impact of residual connections on learning.},
  author={Szegedy, Christian and Ioffe, Sergey and Vanhoucke, Vincent and Alemi, Alexander A},
  booktitle={AAAI},
  volume={4},
  pages={12},
  year={2017}
}

@article{krizhevsky2014cifar,
  title={The CIFAR-10 dataset},
  author={Krizhevsky, Alex and Nair, Vinod and Hinton, Geoffrey},
  journal={online: http://www. cs. toronto. edu/kriz/cifar. html},
  year={2014}
}

@article{keskar2016large,
  title={On large-batch training for deep learning: Generalization gap and sharp minima},
  author={Keskar, Nitish Shirish and Mudigere, Dheevatsa and Nocedal, Jorge and Smelyanskiy, Mikhail and Tang, Ping Tak Peter},
  journal={arXiv preprint arXiv:1609.04836},
  year={2016}
}

@misc{jeaugey2017nccl,
  title={NCCL 2.0},
  author={Jeaugey, Sylvain},
  year={2017},
  publisher={Technical presentation, San Jose, CA}
}

@inproceedings{krizhevsky2012imagenet,
  title={Imagenet classification with deep convolutional neural networks},
  author={Krizhevsky, Alex and Sutskever, Ilya and Hinton, Geoffrey E},
  booktitle={Advances in neural information processing systems},
  pages={1097--1105},
  year={2012}
}

@article{tianqichen-memonger,
  author    = {Tianqi Chen and
               Bing Xu and
               Chiyuan Zhang and
               Carlos Guestrin},
  title     = {Training Deep Nets with Sublinear Memory Cost},
  journal   = {CoRR},
  volume    = {abs/1604.06174},
  year      = {2016},
  url       = {http://arxiv.org/abs/1604.06174},
  archivePrefix = {arXiv},
  eprint    = {1604.06174},
  timestamp = {Wed, 07 Jun 2017 14:40:59 +0200},
  biburl    = {https://dblp.org/rec/bib/journals/corr/ChenXZG16},
  bibsource = {dblp computer science bibliography, https://dblp.org}
}

@article{deeplab,
  author    = {Liang{-}Chieh Chen and
               George Papandreou and
               Iasonas Kokkinos and
               Kevin Murphy and
               Alan L. Yuille},
  title     = {DeepLab: Semantic Image Segmentation with Deep Convolutional Nets,
               Atrous Convolution, and Fully Connected CRFs},
  journal   = {CoRR},
  volume    = {abs/1606.00915},
  year      = {2016},
  url       = {http://arxiv.org/abs/1606.00915},
  archivePrefix = {arXiv},
  eprint    = {1606.00915},
  timestamp = {Wed, 07 Jun 2017 14:42:37 +0200},
  biburl    = {https://dblp.org/rec/bib/journals/corr/ChenPK0Y16},
  bibsource = {dblp computer science bibliography, https://dblp.org}
}

@inproceedings{cityscapes,
title={The Cityscapes Dataset for Semantic Urban Scene Understanding},
author={Cordts, Marius and Omran, Mohamed and Ramos, Sebastian and Rehfeld, Timo and Enzweiler, Markus and Benenson, Rodrigo and Franke, Uwe and Roth, Stefan and Schiele, Bernt},
booktitle={Proc. of the IEEE Conference on Computer Vision and Pattern Recognition (CVPR)},
year={2016}
}

@article{data-parallelism,
   author = {{Shrivastava}, D. and {Chaudhury}, S. and {Jayadeva}, D.},
    title = "{A Data and Model-Parallel, Distributed and Scalable Framework for Training of Deep Networks in Apache Spark}",
  journal = {ArXiv e-prints},
archivePrefix = "arXiv",
   eprint = {1708.05840},
 primaryClass = "stat.ML",
 keywords = {Statistics - Machine Learning, Computer Science - Artificial Intelligence, Computer Science - Computer Vision and Pattern Recognition, Computer Science - Distributed, Parallel, and Cluster Computing, Computer Science - Learning},
     year = 2017,
    month = aug,
   adsurl = {http://adsabs.harvard.edu/abs/2017arXiv170805840S},
  adsnote = {Provided by the SAO/NASA Astrophysics Data System}
}

@misc{pascal-voc-2012,
	author = "Everingham, M. and Van~Gool, L. and Williams, C. K. I. and Winn, J. and Zisserman, A.",
	title = "The {PASCAL} {V}isual {O}bject {C}lasses {C}hallenge 2012 {(VOC2012)} {R}esults",
	howpublished = "http://www.pascal-network.org/challenges/VOC/voc2012/workshop/index.html"
	}
	
@article{groupBN,
  author    = {Yuxin Wu and
               Kaiming He},
  title     = {Group Normalization},
  journal   = {CoRR},
  volume    = {abs/1803.08494},
  year      = {2018},
  url       = {http://arxiv.org/abs/1803.08494},
  archivePrefix = {arXiv},
  eprint    = {1803.08494},
  timestamp = {Wed, 11 Apr 2018 11:12:46 +0200},
  biburl    = {https://dblp.org/rec/bib/journals/corr/abs-1803-08494},
  bibsource = {dblp computer science bibliography, https://dblp.org}
}

@article{L1BN,
  author    = {Shuang Wu and
               Guoqi Li and
               Lei Deng and
               Liu Liu and
               Yuan Xie and
               Luping Shi},
  title     = {L1-Norm Batch Normalization for Efficient Training of Deep Neural
               Networks},
  journal   = {CoRR},
  volume    = {abs/1802.09769},
  year      = {2018},
  url       = {http://arxiv.org/abs/1802.09769},
  archivePrefix = {arXiv},
  eprint    = {1802.09769},
  timestamp = {Fri, 02 Mar 2018 13:46:22 +0100},
  biburl    = {https://dblp.org/rec/bib/journals/corr/abs-1802-09769},
  bibsource = {dblp computer science bibliography, https://dblp.org}
}

@article{GBN,
  author    = {Hang Zhang and
               Kristin J. Dana and
               Jianping Shi and
               Zhongyue Zhang and
               Xiaogang Wang and
               Ambrish Tyagi and
               Amit Agrawal},
  title     = {Context Encoding for Semantic Segmentation},
  journal   = {CoRR},
  volume    = {abs/1803.08904},
  year      = {2018},
  url       = {http://arxiv.org/abs/1803.08904},
  archivePrefix = {arXiv},
  eprint    = {1803.08904},
  timestamp = {Wed, 16 May 2018 12:24:51 +0200},
  biburl    = {https://dblp.org/rec/bib/journals/corr/abs-1803-08904},
  bibsource = {dblp computer science bibliography, https://dblp.org}
}

@article{decay-learning-rate,
  author    = {Samuel L. Smith and
               Pieter{-}Jan Kindermans and
               Quoc V. Le},
  title     = {Don't Decay the Learning Rate, Increase the Batch Size},
  journal   = {CoRR},
  volume    = {abs/1711.00489},
  year      = {2017},
  url       = {http://arxiv.org/abs/1711.00489},
  archivePrefix = {arXiv},
  eprint    = {1711.00489},
  timestamp = {Fri, 01 Dec 2017 14:22:24 +0100},
  biburl    = {https://dblp.org/rec/bib/journals/corr/abs-1711-00489},
  bibsource = {dblp computer science bibliography, https://dblp.org}
}

@article{sgd,
author = "Kiefer, J. and Wolfowitz, J.",
doi = "10.1214/aoms/1177729392",
fjournal = "The Annals of Mathematical Statistics",
journal = "Ann. Math. Statist.",
month = "09",
number = "3",
pages = "462--466",
publisher = "The Institute of Mathematical Statistics",
title = "Stochastic Estimation of the Maximum of a Regression Function",
url = "https://doi.org/10.1214/aoms/1177729392",
volume = "23",
year = "1952"
}